@misc{krohm2022federated,
  author       = {Maxwell Krohm},
  title        = {The Federated Open Key Service (FOKS)},
  year         = {2025},
  note         = {White Paper},
  url          = {https://raw.githubusercontent.com/foks-proj/foks-whitepaper/refs/heads/main/foks-whitepaper.pdf},
}